@ARTICLE{7219438, 
author={R. Mur-Artal and J. M. M. Montiel and J. D. Tardos}, 
journal={IEEE Transactions on Robotics}, 
title={ORB-SLAM: A Versatile and Accurate Monocular SLAM System}, 
year={2015}, 
volume={31}, 
number={5}, 
pages={1147-1163}, 
keywords={SLAM (robots);ORB-SLAM system;feature-based monocular simultaneous localization and mapping system;survival of the fittest strategy;Cameras;Computational modeling;Feature extraction;Optimization;Real-time systems;Simultaneous localization and mapping;Visualization;Lifelong mapping;localization;monocular vision;recognition;simultaneous localization and mapping (SLAM)}, 
doi={10.1109/TRO.2015.2463671}, 
ISSN={1552-3098}, 
month={Oct},}

@INPROCEEDINGS{6631107, 
author={L. Kneip and P. Furgale and R. Siegwart}, 
booktitle={Robotics and Automation (ICRA), 2013 IEEE International Conference on}, 
title={Using multi-camera systems in robotics: Efficient solutions to the NPnP problem}, 
year={2013}, 
pages={3770-3776}, 
keywords={algebra;computational complexity;image sensors;iterative methods;robots;GroÌˆbner basis method;NPnP problem;algebraic derivations;computational efficiency;generalized camera exterior orientation problem;iterative optimization schemes;linear complexity;multicamera configurations;multicamera systems;robotics;state-of-the-art single-camera algorithms;Cameras;Robots}, 
doi={10.1109/ICRA.2013.6631107}, 
ISSN={1050-4729}, 
month={May},}

@inproceedings{787622,
  author       = {Stewenius, Henrik and Nist{\'e}r, D. and Oskarsson, Magnus and  {\AA}str{\"o}m, Karl},
  language     = {eng},
  location     = {Beijing, China},
  title        = {Solutions to Minimal Generalized Relative Pose Problems},
  year         = {2005},
}

@INPROCEEDINGS{4587545, 
author={Hongdong Li and R. Hartley and Jae-hak Kim}, 
booktitle={Computer Vision and Pattern Recognition, 2008. CVPR 2008. IEEE Conference on}, 
title={A linear approach to motion estimation using generalized camera models}, 
year={2008}, 
pages={1-8}, 
keywords={cameras;motion estimation;17-point algorithm;generalized camera models;linear approach;motion estimation;Australia;Cameras;Computational efficiency;Computational modeling;Equations;Iterative algorithms;Matrix decomposition;Motion estimation;Singular value decomposition;Testing}, 
doi={10.1109/CVPR.2008.4587545}, 
ISSN={1063-6919}, 
month={June},}

@INPROCEEDINGS{1211520, 
author={R. Pless}, 
booktitle={Computer Vision and Pattern Recognition, 2003. Proceedings. 2003 IEEE Computer Society Conference on}, 
title={Using many cameras as one}, 
year={2003}, 
volume={2}, 
pages={II-587-93 vol.2}, 
keywords={cameras;computational geometry;image motion analysis;minimisation;camera network;computer vision;discrete structure;epipolar geometry;formal mechanism;imaging model constraint;motion algorithm;motion equation;multiple cameras;optimal design;panoramic imaging system;projection center;single generalized camera;single imaging device;structure analysis;Algorithm design and analysis;Cameras;Computer vision;Equations;Geometry;Image analysis;Layout;Motion analysis;Motion estimation;Solid modeling}, 
doi={10.1109/CVPR.2003.1211520}, 
ISSN={1063-6919}, 
month={June},}